%% This BibTeX bibliography file was created using BibDesk.
%% http://bibdesk.sourceforge.net/


%% Created for Renato Neves at 2012-04-02 10:50:36 +0100 


%% Saved with string encoding Unicode (UTF-8) 



@Book{gitComm,
	Title = {Git Community Book}
}
